
<record>
  <controlfield tag="001">1286892</controlfield>
  <datafield tag="035" ind1=" " ind2=" ">
    <subfield code="9">INSPIRETeX</subfield>
    <subfield code="a">Aad:2014wra</subfield>
  </datafield>
  <datafield tag="035" ind1=" " ind2=" ">
    <subfield code="9">arXiv</subfield>
    <subfield code="a">oai:arXiv.org:1403.5657</subfield>
  </datafield>
  <datafield tag="245" ind1=" " ind2=" ">
    <subfield code="9">arXiv</subfield>
    <subfield code="a">Measurement of the 4$\ell$ Cross Section at the $Z$ Resonance and  Determination of the Branching Fraction of $Z\rightarrow 4\ell$ in $pp$ Collisions at $\sqrt{s}$ = 7 and 8 TeV with ATLAS</subfield>
  </datafield>
</record>