
<record>
  <controlfield tag="001">1286622</controlfield>
  <datafield tag="035" ind1=" " ind2=" ">
    <subfield code="9">INSPIRETeX</subfield>
    <subfield code="a">Aad:2014mha</subfield>
  </datafield>
  <datafield tag="035" ind1=" " ind2=" ">
    <subfield code="9">arXiv</subfield>
    <subfield code="a">oai:arXiv.org:1403.5222</subfield>
  </datafield>
  <datafield tag="245" ind1=" " ind2=" ">
    <subfield code="9">arXiv</subfield>
    <subfield code="a">Search for direct top squark pair production in events with a Z boson, b-jets and missing transverse momentum in $\sqrt{s}$=8 TeV pp collisions with the ATLAS detector</subfield>
  </datafield>
</record>