
<record>
  <controlfield tag="001">1281236</controlfield>
  <datafield tag="035" ind1=" " ind2=" ">
    <subfield code="9">INSPIRETeX</subfield>
    <subfield code="a">Aad:2014iia</subfield>
  </datafield>
  <datafield tag="035" ind1=" " ind2=" ">
    <subfield code="9">arXiv</subfield>
    <subfield code="a">oai:arXiv.org:1402.3244</subfield>
  </datafield>
  <datafield tag="245" ind1=" " ind2=" ">
    <subfield code="a">Search for Invisible Decays of a Higgs Boson Produced in Association with a Z Boson in ATLAS</subfield>
    <subfield code="9">arXiv</subfield>
  </datafield>
</record>