
<record>
  <controlfield tag="001">1264619</controlfield>
  <datafield tag="035" ind1=" " ind2=" ">
    <subfield code="9">INSPIRETeX</subfield>
    <subfield code="a">Bardeen:2013fta</subfield>
  </datafield>
  <datafield tag="035" ind1=" " ind2=" ">
    <subfield code="9">arXiv</subfield>
    <subfield code="a">oai:arXiv.org:1401.6119</subfield>
  </datafield>
  <datafield tag="245" ind1=" " ind2=" ">
    <subfield code="a">Planning the Future of U.S. Particle Physics (Snowmass 2013): Chapter 10: Communication, Education, and Outreach</subfield>
  </datafield>
</record>