
<record>
  <controlfield tag="001">1236448</controlfield>
  <datafield tag="035" ind1=" " ind2=" ">
    <subfield code="a">Cranmer:2012sba</subfield>
    <subfield code="9">INSPIRETeX</subfield>
  </datafield>
  <datafield tag="035" ind1=" " ind2=" ">
    <subfield code="9">DESY</subfield>
    <subfield code="z">DA13-kp25a</subfield>
  </datafield>
  <datafield tag="245" ind1=" " ind2=" ">
    <subfield code="a">HistFactory: A tool for creating statistical models for use with RooFit and RooStats</subfield>
  </datafield>
</record>