
<record>
  <controlfield tag="001">1229507</controlfield>
  <datafield tag="035" ind1=" " ind2=" ">
    <subfield code="9">INSPIRETeX</subfield>
    <subfield code="a">Aad:2013tua</subfield>
  </datafield>
  <datafield tag="035" ind1=" " ind2=" ">
    <subfield code="9">arXiv</subfield>
    <subfield code="a">oai:arXiv.org:1304.6386</subfield>
  </datafield>
  <datafield tag="245" ind1=" " ind2=" ">
    <subfield code="a">A study of heavy flavor quarks produced in association with top quark pairs at sqrt(s) = 7 TeV using the ATLAS detector</subfield>
    <subfield code="9">arXiv</subfield>
  </datafield>
</record>