
<record>
  <controlfield tag="001">1197236</controlfield>
  <datafield tag="035" ind1=" " ind2=" ">
    <subfield code="a">Assamagan:2006oba</subfield>
    <subfield code="9">INSPIRETeX</subfield>
  </datafield>
  <datafield tag="035" ind1=" " ind2=" ">
    <subfield code="9">CDS</subfield>
    <subfield code="a">942275</subfield>
  </datafield>
  <datafield tag="245" ind1=" " ind2=" ">
    <subfield code="a">Report of the Event Tag Review and Recommendation Group</subfield>
  </datafield>
</record>