
<record>
  <controlfield tag="001">1196799</controlfield>
  <datafield tag="035" ind1=" " ind2=" ">
    <subfield code="a">Cranmer:2011tka</subfield>
    <subfield code="9">INSPIRETeX</subfield>
  </datafield>
  <datafield tag="035" ind1=" " ind2=" ">
    <subfield code="9">CDS</subfield>
    <subfield code="a">1373388</subfield>
  </datafield>
  <datafield tag="245" ind1=" " ind2=" ">
    <subfield code="a">Combined searches for the Higgs boson with ATLAS and CMS</subfield>
  </datafield>
</record>