
<record>
  <controlfield tag="001">1196749</controlfield>
  <datafield tag="035" ind1=" " ind2=" ">
    <subfield code="a">Casadei:2011via</subfield>
    <subfield code="9">INSPIRETeX</subfield>
  </datafield>
  <datafield tag="035" ind1=" " ind2=" ">
    <subfield code="9">CDS</subfield>
    <subfield code="a">1331180</subfield>
  </datafield>
  <datafield tag="245" ind1=" " ind2=" ">
    <subfield code="a">The implementation of the ATLAS missing Et triggers for the initial LHC operation</subfield>
  </datafield>
</record>