
<record>
  <controlfield tag="001">1196535</controlfield>
  <datafield tag="035" ind1=" " ind2=" ">
    <subfield code="a">Assamagan:2006paa</subfield>
    <subfield code="9">INSPIRETeX</subfield>
  </datafield>
  <datafield tag="035" ind1=" " ind2=" ">
    <subfield code="9">CDS</subfield>
    <subfield code="a">1005813</subfield>
  </datafield>
  <datafield tag="245" ind1=" " ind2=" ">
    <subfield code="a">Report of the AOD Format Task Force</subfield>
  </datafield>
</record>