
<record>
  <controlfield tag="001">1196501</controlfield>
  <datafield tag="035" ind1=" " ind2=" ">
    <subfield code="a">Asai:2006hza</subfield>
    <subfield code="9">INSPIRETeX</subfield>
  </datafield>
  <datafield tag="035" ind1=" " ind2=" ">
    <subfield code="9">CDS</subfield>
    <subfield code="a">981418</subfield>
  </datafield>
  <datafield tag="245" ind1=" " ind2=" ">
    <subfield code="a">Physics Analysis Tools 2006 Workshop Summary Report</subfield>
  </datafield>
</record>