
<record>
  <controlfield tag="001">1196360</controlfield>
  <datafield tag="035" ind1=" " ind2=" ">
    <subfield code="a">Cranmer:2004wta</subfield>
    <subfield code="9">INSPIRETeX</subfield>
  </datafield>
  <datafield tag="035" ind1=" " ind2=" ">
    <subfield code="9">CDS</subfield>
    <subfield code="a">726479</subfield>
  </datafield>
  <datafield tag="245" ind1=" " ind2=" ">
    <subfield code="a">Analysis of VBF $H\rightarrow WW\rightarrow \nu \nu$</subfield>
  </datafield>
</record>