
<record>
  <controlfield tag="001">1196359</controlfield>
  <datafield tag="035" ind1=" " ind2=" ">
    <subfield code="a">Cranmer:2004vta</subfield>
    <subfield code="9">INSPIRETeX</subfield>
  </datafield>
  <datafield tag="035" ind1=" " ind2=" ">
    <subfield code="9">CDS</subfield>
    <subfield code="a">726480</subfield>
  </datafield>
  <datafield tag="245" ind1=" " ind2=" ">
    <subfield code="a">Statistical Methods to Assess the Combined Sensitivity of the ATLAS Detector to the Higgs Boson in the Standard Model</subfield>
  </datafield>
</record>