
<record>
  <controlfield tag="001">1195829</controlfield>
  <datafield tag="035" ind1=" " ind2=" ">
    <subfield code="a">Cranmer:2002lza</subfield>
    <subfield code="9">INSPIRETeX</subfield>
  </datafield>
  <datafield tag="035" ind1=" " ind2=" ">
    <subfield code="9">CDS</subfield>
    <subfield code="a">685449</subfield>
  </datafield>
  <datafield tag="245" ind1=" " ind2=" ">
    <subfield code="a">Confidence Level Calculations for $H\rightarrow W^+W^- \rightarrow l^{+}l^{-}\sla{p_{T}}$ for $115&lt;M_H&lt;130\,\gev$ Using Vector Boson Fusion</subfield>
  </datafield>
</record>