
<record>
  <controlfield tag="001">1195797</controlfield>
  <datafield tag="035" ind1=" " ind2=" ">
    <subfield code="a">Cranmer:2003fya</subfield>
    <subfield code="9">INSPIRETeX</subfield>
  </datafield>
  <datafield tag="035" ind1=" " ind2=" ">
    <subfield code="9">CDS</subfield>
    <subfield code="a">685489</subfield>
  </datafield>
  <datafield tag="245" ind1=" " ind2=" ">
    <subfield code="a">Application of K Factors in the $H\rightarrow ZZ^\star\rightarrow 4l$ Analysis at the LHC</subfield>
  </datafield>
</record>