
<record>
  <controlfield tag="001">1195754</controlfield>
  <datafield tag="035" ind1=" " ind2=" ">
    <subfield code="a">Cranmer:2002owa</subfield>
    <subfield code="9">INSPIRETeX</subfield>
  </datafield>
  <datafield tag="035" ind1=" " ind2=" ">
    <subfield code="9">CDS</subfield>
    <subfield code="a">685429</subfield>
  </datafield>
  <datafield tag="245" ind1=" " ind2=" ">
    <subfield code="a">Search for Higgs Bosons Decay $H\rightarrow W^+W^- \rightarrow l^{+}l^{-}\sla{p_{T}}$ for $115&lt;M_H&lt;130\,\gev$ Using Vector Boson Fusion</subfield>
  </datafield>
</record>