
<record>
  <controlfield tag="001">1194803</controlfield>
  <datafield tag="035" ind1=" " ind2=" ">
    <subfield code="a">Abolins:2009zla</subfield>
    <subfield code="9">INSPIRETeX</subfield>
  </datafield>
  <datafield tag="035" ind1=" " ind2=" ">
    <subfield code="9">CDS</subfield>
    <subfield code="a">1207077</subfield>
  </datafield>
  <datafield tag="245" ind1=" " ind2=" ">
    <subfield code="a">The ATLAS Trigger/DAQ Authorlist, version 3.0</subfield>
  </datafield>
</record>