
<record>
  <controlfield tag="001">1193351</controlfield>
  <datafield tag="035" ind1=" " ind2=" ">
    <subfield code="a">oai:arXiv.org:1210.6948</subfield>
    <subfield code="z">oai:arXiv.org:1210.6948</subfield>
    <subfield code="9">arXiv</subfield>
  </datafield>
  <datafield tag="245" ind1=" " ind2=" ">
    <subfield code="a">Asymptotic distribution for two-sided tests with lower and upper boundaries on the parameter of interest</subfield>
  </datafield>
  <datafield tag="035" ind1=" " ind2=" ">
    <subfield code="z">Cowan:2012se</subfield>
    <subfield code="9">SPIRESTeX</subfield>
  </datafield>
  <datafield tag="035" ind1=" " ind2=" ">
    <subfield code="9">CDS</subfield>
    <subfield code="a">1490198</subfield>
  </datafield>
</record>